@article{brown2015satellite,
  title={Satellite remote sensing in agriculture and food security assessment},
  author={Brown, Molly E},
  journal={Procedia Environmental Sciences},
  volume={29},
  pages={307},
  year={2015},
  publisher={Elsevier}
}

@article{douglas2008unjust,
  title={Unjust waters: climate change, flooding and the urban poor in Africa},
  author={Douglas, Ian and Alam, Kurshid and Maghenda, Maryanne and Mcdonnell, Yasmin and McLean, Louise and Campbell, Jack},
  journal={Environment and urbanization},
  volume={20},
  number={1},
  pages={187--205},
  year={2008},
  publisher={SAGE Publications Sage UK: London, England}
}

@article{kogan2015suomi,
  title={Suomi NPP/VIIRS: improving drought watch, crop loss prediction, and food security},
  author={Kogan, Felix and Goldberg, Mitch and Schott, Tom and Guo, Wei},
  journal={International Journal of Remote Sensing},
  volume={36},
  number={21},
  pages={5373--5383},
  year={2015},
  publisher={Taylor \& Francis}
}

@incollection{kogan2020noaa,
  title={NOAA Operational Environmental Satellites for Earth Monitoring},
  author={Kogan, Felix},
  booktitle={Remote Sensing for Malaria},
  pages={63--101},
  year={2020},
  publisher={Springer}
}

@incollection{kogan2011satellite,
  title={Satellite-based crop production monitoring in Ukraine and regional food security},
  author={Kogan, Felix and Adamenko, Tatiana and Kulbida, Mikola},
  booktitle={Use of satellite and in-situ data to improve sustainability},
  pages={99--104},
  year={2011},
  publisher={Springer}
}

@article{kogan2019drought,
  title={Drought and food security prediction from NOAA new generation of operational satellites},
  author={Kogan, Felix and Guo, Wei and Yang, Wenze},
  journal={Geomatics, Natural Hazards and Risk},
  volume={10},
  number={1},
  pages={651--666},
  year={2019},
  publisher={Taylor \& Francis}
}

@article{mensah2020causes,
  title={Causes, impacts and coping strategies of floods in Ghana: A systematic review},
  author={Mensah, Henry and Ahadzie, Divine Kwaku},
  journal={SN Applied Sciences},
  volume={2},
  number={5},
  pages={1--13},
  year={2020},
  publisher={Springer}
}

@article{oddo2019value,
  title={The value of near real-time earth observations for improved flood disaster response},
  author={Oddo, Perry C and Bolten, John D},
  journal={Frontiers in Environmental Science},
  volume={7},
  pages={127},
  year={2019},
  publisher={Frontiers}
}

@article{oddo2018socioeconomic,
  title={Socioeconomic impact evaluation for near real-time flood detection in the lower mekong river basin},
  author={Oddo, Perry C and Ahamed, Aakash and Bolten, John D},
  journal={Hydrology},
  volume={5},
  number={2},
  pages={23},
  year={2018},
  publisher={Multidisciplinary Digital Publishing Institute}
}

@article{abubakari2019cities,
  title={Cities and floods: A pragmatic insight into the determinants of householdsâ€™ coping strategies to floods in informal Accra, Ghana},
  author={Abubakari, Mohammed and Twum, Kwaku Owusu},
  journal={Jamba: Journal of Disaster Risk Studies},
  volume={11},
  number={1},
  pages={1--14},
  year={2019},
  publisher={AOSIS}
}

@article{sheffield2014drought,
  title={A drought monitoring and forecasting system for sub-Sahara African water resources and food security},
  author={Sheffield, Justin and Wood, Eric F and Chaney, Nathaniel and Guan, Kaiyu and Sadri, Sara and Yuan, Xing and Olang, Luke and Amani, Abou and Ali, Abdou and Demuth, Siegfried and others},
  journal={Bulletin of the American Meteorological Society},
  volume={95},
  number={6},
  pages={861--882},
  year={2014},
  publisher={American Meteorological Society}
}

@article{temple2019view,
  title={The View From Above: Satellites Inform Decision-Making for Food Security},
  author={Temple, Dorota S and Polly, Jason S and Hegarty-Craver, Meghan and Rineer, James I and Lapidus, Daniel and Austin, Kemen and Woodward, Katherine P and Beach, Robert H},
  journal={RTI Press},
  pages={10109},
  year={2019},
  publisher={RTI Press}
}

@article{venus2004combined,
  title={Combined use of polar orbiting and geo-stationary satellites to improve time interpolation in dynamic crop models for food security assessment},
  author={Venus, V and Rugege, D},
  journal={International Institute for Geo-Information Science and Earth Observation (ITC), Enschede, The Netherlands. RSA Centre for Environment and Development University of Natal, South Africa},
  year={2004}
}

@article{sentinel2,
  title={Climate Change},
  author={European Space Agency},
  journal={},
  year={}
}

@article{cloudtostreet,
  title={cloudtostreet.info},
  author={Cloud to Street},
  journal={},
  year={}
}

@article{hrsl,
  title={High Resolution Settlement Layer},
  author={Columbia University International Earth Science Information Network, Earth Science Network, Columbia University},
  journal={},
  year={}
}

@article{mappingafrica,
  title={How It Works},
  author={Mapping Africa Project, Clark University},
  journal={},
  year={2021}
}

@article{blumenstocktogo,
  title={Targeting Aid Better},
  author={Center for Effective Global Action (CEGA), UC Berkeley},
  journal={},
  year={}
}

@article{sentinel1,
  title={Introducing Sentinel-1},
  author={European Space Agency},
  journal={},
  year={}
}

@article{landsat,
  title={Landsat Science},
  author={National Aeronautics and Space Administration, US Geological Survey},
  journal={},
  year={}
}

@article{yamazaki2019merit,
  title={MERIT Hydro: a high-resolution global hydrography map based on latest topography dataset},
  author={Yamazaki, Dai and Ikeshima, Daiki and Sosa, Jeison and Bates, Paul D and Allen, George H and Pavelsky, Tamlin M},
  journal={Water Resources Research},
  volume={55},
  number={6},
  pages={5053--5073},
  year={2019},
  publisher={Wiley Online Library}
}

@article{sampson2015high,
  title={A high-resolution global flood hazard model},
  author={Sampson, Christopher C and Smith, Andrew M and Bates, Paul D and Neal, Jeffrey C and Alfieri, Lorenzo and Freer, Jim E},
  journal={Water resources research},
  volume={51},
  number={9},
  pages={7358--7381},
  year={2015},
  publisher={Wiley Online Library}
}